@article{jdd,
  title = {Comment détecter les drones},

  journal = "le Journal du Dimanche",
  year = "1 mars 2015",
  author = "Juliette Demey",
}

@manual{gonio,
  title = {Recepteur gonio (ou indicateur de champ) vhf},
  note = "\url{http://ph-martin.pagesperso-orange.fr/f6eti/realisations/9901rxvhf/index.htm}",
  year = "",
  author = "Philippe Martin",
}

@manual{acoustique,
  title = {A UAV motor denoising technique to improve localization of surrounding noisy aircrafts: proof of concept for anti-collision systems},
  note = "",
  year = "2012",
  author = "P. Marmaroli, X. Falourd, H. Lissek",
}


@phdthesis{acoustique2,
  title = {UAV Sound Source Localization},
  school = "Technical University of Munich",
  year = "2014",
  author = "Peter Hausmann",
}

@article{acoustique3,
  title = {Tiny Device Will Detect Domestic Drones},
  note = "\url{http://www.usnews.com/news/articles/2013/05/01/tiny-device-will-detect-domestic-drones}",
  journal = "US.news",
  year = "1 mai 2013",
  author = "Jason Koebler",
}

@misc{dronedetector,
title = "Drone detector",
note = "\url{http://www.drone-detector.com/fr/}",
author = "Société Orelia",
}

@misc{optique,
title = "L'imagerie thermique: Une technologie prête à conquérir le reste du monde",
note = "\url{http://www.flir.fr/cs/display/?id=51839}",
author = "Société Flir",
}

@misc{montreal,
title = "F1LVT: comment créer un radio-goniomètre Doppler le Montréal 3v2",
note = "\url{http://f1lvt.com/}",
author = "F1LVT",
}

@article{futura,
title = {Drone},
author = {},
journal = {futura science},
year = {2014},
}

@article{radiosur,
title = "Radiosurveillance du spectre",
note = "Ref. e6890",
author = "Gilbert Multedo",
journal = "Techniques de l'ingénieur",
year = "1994",
}

@article{gonioloc,
title = "Radiosurveillance du spectre - Goniométrie et localisation",
note = "Ref. te6892",
author = "François Delaveau AND Yvon Livran",
journal = "Techniques de l'ingénieur",
year = "2012",
}
